@article{tangEngineeringFatty2015,
	title = {Engineering the fatty acid metabolic pathway in {Saccharomyces} cerevisiae for advanced biofuel production},
	volume = {2},
	issn = {22140301},
	doi = {https://linkinghub.elsevier.com/retrieve/pii/S2214030115300055},
	url = {https://doi.org/10.1016/j.meteno.2015.06.005},
	language = {en},
	journal = {Metabolic Engineering Communications},
        note = {[Cited 2024-02-12]},
	author = {Tang, Xiaoling and Lee, Jaslyn and Chen, Wei Ning},
	month = dec,
	year = {2015},
	pages = {58--66},
}
